@MISC{ csharp,
  AUTHOR = {Microsoft},
  TITLE  = {C\# Reference},
  YEAR   = {2017},
  URL    = {https://docs.microsoft.com/en-us/dotnet/csharp/language-reference/},
  URLDATE= {2019-05-12},
}

@MISC{ opmac,
  AUTHOR = {Olšák, Petr},
  TITLE  = {{\OPmac}},
  YEAR   = {2017},
  URL    = {http://petr.olsak.net/opmac.html},
  URLDATE= {2019-05-12},
}

@MISC{ opmact,
  AUTHOR = {Olšák, Petr},
  TITLE  = {{\OPmac} tricks},
  YEAR   = {2018},
  URL    = {http://petr.olsak.net/opmac-tricks.html},
  URLDATE= {2019-05-12},
}

@BOOK{ tbn,
  AUTHOR =    {Olšák, Petr},
  TITLE =     {{\TeX}book naruby},
  PUBLISHER = {Konvoj},
  ADDRESS =   {Brno},
  YEAR =      {2001},
  ISBN =      {80-7302-007-6},
  URL  =      {http://petr.olsak.net/tbn.html},
}